@Misc{Sollya,
  title        = "{Sollya}",
  howpublished = "\url{http://sollya.gforge.inria.fr}"
}
@Misc{Konata,
  title        = "{Konata}",
  howpublished = "\url{https://github.com/shioyadan/Konata}"
}

