@inproceedings{Warren:1993:PHO:169627.169640,
 author = {Warren, M. S. and Salmon, J. K.},
 title = {A Parallel Hashed Oct-Tree N-body Algorithm},
 booktitle = {Proceedings of the 1993 ACM/IEEE Conference on Supercomputing},
 series = {Supercomputing '93},
 year = {1993},
 isbn = {0-8186-4340-4},
 location = {Portland, Oregon, USA},
 pages = {12--21},
 numpages = {10},
 url = {http://doi.acm.org/10.1145/169627.169640},
 doi = {10.1145/169627.169640},
 acmid = {169640},
 publisher = {ACM},
 address = {New York, NY, USA},
}



@inproceedings{Blackston:1997:HPE:509593.509597,
 author = {Blackston, David and Suel, Torsten},
 title = {Highly Portable and Efficient Implementations of Parallel
                  Adaptive N-body Methods},
 booktitle = {Proceedings of the 1997 ACM/IEEE Conference on
                  Supercomputing},
 series = {SC '97},
 year = {1997},
 isbn = {0-89791-985-8},
 location = {San Jose, CA},
 pages = {1--20},
 numpages = {20},
 url = {http://doi.acm.org/10.1145/509593.509597},
 doi = {10.1145/509593.509597},
 acmid = {509597},
 publisher = {ACM},
 address = {New York, NY, USA},
} 

@ARTICLE{Leisheng823,
author = {Li Leisheng and Wang Chaowei and Ma Zhitao and Huo Zhigang and Tian Rong},
title = {petaPar: A Scalable and Fault Tolerant Petascale Free Mesh Simulation System},
publisher = {Journal of Computer Research and Development},
year = {2015},
journal = {Journal of Computer Research and Development},
volume = {52},
number = {4},
eid = {823},
numpages = {9},
pages = {823},
keywords = {petascale computing; meshless/particle simulation; high scalable; fault tolerance; MPI+Pthreads; dynamic load balancing},
url = {http://crad.ict.ac.cn/EN/abstract/article_2887.shtml},
doi = {10.7544/issn1000-1239.2015.20131332}
}

@inproceedings{confscWarrenSBGSW97,
  author = {Warren, Michael S. and Salmon, John K. and Becker, Donald J. and Goda, M. Patrick and Sterling, Thomas L. and Winckelmans, W.},
  booktitle = {SC},
  pages = 61,
  publisher = {IEEE},
  title = {Pentium Pro Inside: I. A Treecode at 430 Gigaflops on ASCI
                  Red, II. Price/Performance of \$50/Mflop on Loki and
                  Hyglac.},
  year = 1997
}

@INPROCEEDINGS{springel:gadget,
	AUTHOR = "Volker Springel and Naoki Yoshida and Simon White D. M.",
  	TITLE = "GADGET: a code for collisionless and gasdynamical
                  cosmological simulations",    
	JOURNAL = "New Astronomy",
	VOLUME = {6},
	NUMBER = {2},
	PAGES = {79-117},
	MONTH = "April",
	YEAR = {2001}	}

@INPROCEEDINGS{springel:gadget2,
	AUTHOR = "Volker Springel",
  	TITLE = "The cosmological simulation code GADGET-2",    
	JOURNAL = "Monthly Notices of the Royal Astronomical Society",
	VOLUME = {364},
	NUMBER = {4},
	PAGES = {1105-1134},
	MONTH = "December",
	YEAR = {2005}	}

@ARTICLE{ishiyama:greem,
	AUTHOR = "Tomoaki Ishiyama and Toshiyuki Fukushige and Junichiro makino",
	TITLE = "GreeM: Massively Parallel TreePM Code for Large Cosmological N -body Simulations",
	JOURNAL = "Publications of the Astronomical Society of Japan",
	VOLUME = {61},
	NUMBER = {6},
	PAGES = {1319-1330},
	MONTH = "December",
	YEAR = {2009}	}

@INPROCEEDINGS{ishiyama:gordonbell,
	AUTHOR = "Tomoaki Ishiyama and Keigo Nitadori and Junichiro makino",
  	TITLE = "4.45 Pflops Astrophysical N-Body Simulation on K computer
                  -- The Gravitational Trillion-Body Problem",    
    BOOKTITLE = "SC '12 Proceedings of the International Conference on
                  High Performance Computing, Networking, Storage and
                  Analysis (Salt Lake City, UT, USA, Nov 11 - 15, 2012",    
	PAGES = {},
	YEAR = {2012}	}

@ARTICLE{2004NewA....9..137W,
    AUTHOR = {{Wadsley}, J.~W. and {Stadel}, J. and {Quinn}, T.},
    TITLE = "{Gasoline: a flexible, parallel implementation of TreeSPH}",
    JOURNAL = {New Astronomy},
    YEAR = 2004,
    MONTH = feb,
    VOLUME = 9,
    PAGES = {137-158},
}

@ARTICLE{1995CoPhC..87..266W,
    AUTHOR = {{Warren}, M.~S. and {Salmon}, J.~K.},
    TITLE = "{A portable parallel particle program}",
    JOURNAL = {Computer Physics Communications},
    YEAR = 1995,
    MONTH = may,
    VOLUME = 87,
    PAGES = {266-290},
}

@ARTICLE{2004PASJ...56..521M,
    author = {{Makino}, J.},
    title = "{A Fast Parallel Treecode with GRAPE}",
    journal = {Publications of Astronomical Society of Japan},
    year = 2004,
    month = jun,
    volume = 56,
    pages = {521-531},
}

@ARTICLE{2006NewA...12..169N,
   author = {{Nitadori}, K. and {Makino}, J. and {Hut}, P.},
    title = "{Performance tuning of N-body codes on modern microprocessors: I. Direct integration with a hermite scheme on x86\_64 architecture}",
  journal = {New Astronomy},
     year = 2006,
    month = dec,
   volume = 12,
    pages = {169-181},
}

@ARTICLE{2012NewA...17...82T,
   author = {{Tanikawa}, A. and {Yoshikawa}, K. and {Okamoto}, T. and {Nitadori}, K.},
    title = "{N-body simulation for self-gravitating collisional systems with a new SIMD instruction set extension to the x86 architecture, Advanced Vector eXtensions}",
  journal = {New Astronomy},
   eprint = {1104.2700},
     year = 2012,
    month = feb,
   volume = 17,
    pages = {82-92},
}

@ARTICLE{2013NewA...19...74T,
   author = {{Tanikawa}, A. and {Yoshikawa}, K. and {Nitadori}, K. and {Okamoto}, T.},
    title = "{Phantom-GRAPE: Numerical software library to accelerate collisionless N-body simulation with SIMD instruction set on x86 architecture}",
  journal = {New Astronomy},
     year = 2013,
    month = feb,
   volume = 19,
    pages = {74-88},
}

@ARTICLE{1986Natur.324..446B,
   author = {{Barnes}, J. and {Hut}, P.},
    title = "{A hierarchical O(N log N) force-calculation algorithm}",
  journal = {Nature},
     year = 1986,
    month = dec,
   volume = 324,
    pages = {446-449},
}

@ARTICLE{1990JCoPh..87..161B,
   author = {{Barnes}, J.~E.},
    title = "{A modified tree code: Don't laugh; It runs}",
  journal = {Journal of Computational Physics},
     year = 1990,
    month = mar,
   volume = 87,
    pages = {161-170},
}

@ARTICLE{1994JCoPh.111..136S,
   author = {{Salmon}, J.~K. and {Warren}, M.~S.},
    title = "{Skeletons from the treecode closet}",
  journal = {Journal of Computational Physics},
 keywords = {Celestial Mechanics, Error Analysis, Many Body Problem, Multipolar Fields, Trees (Mathematics), Field Theory (Physics), Gravitational Fields, Root-Mean-Square Errors, Statistical Mechanics},
     year = 1994,
    month = mar,
   volume = 111,
    pages = {136-155},
      doi = {10.1006/jcph.1994.1050},
   adsurl = {http://ads.nao.ac.jp/abs/1994JCoPh.111..136S},
  adsnote = {Provided by the SAO/NASA Astrophysics Data System}
}

@ARTICLE{1996NewA....1..133D,
   author = {{Dubinski}, J.},
    title = "{A parallel tree code}",
  journal = {New Astronomy},
   eprint = {astro-ph/9603097},
     year = 1996,
    month = oct,
   volume = 1,
    pages = {133-147},
      doi = {10.1016/S1384-1076(96)00009-7},
   adsurl = {http://ads.nao.ac.jp/abs/1996NewA....1..133D},
  adsnote = {Provided by the SAO/NASA Astrophysics Data System}
}

@article{hamada2009novel,
   title={A novel multiple-walk parallel algorithm for the Barnes-Hut treecode on GPUs-towards cost effective, high performance N-body simulation},
   author={Hamada, T. and Nitadori, K. and Benkrid, K. and Ohno, Y. and Morimoto, G. and Masada, T. and Shibata, Y. and Oguri, K. and Taiji, M.},
   journal={Computer Science-Research and Development},
   volume={24},
   number={1},
   pages={21-31},
   issn={1865-2034},
   year={2009},
   publisher={Springer}
}

@inproceedings{Hamada:2009:THN:1654059.1654123,
 author = {Hamada, Tsuyoshi and Narumi, Tetsu and Yokota, Rio and Yasuoka, Kenji and Nitadori, Keigo and Taiji, Makoto},
 title = {42 TFlops Hierarchical N-body Simulations on GPUs with Applications in Both Astrophysics and Turbulence},
 booktitle = {Proceedings of the Conference on High Performance Computing Networking, Storage and Analysis},
 series = {SC '09},
 year = {2009},
 isbn = {978-1-60558-744-8},
 location = {Portland, Oregon},
 pages = {62:1--62:12},
 articleno = {62},
 numpages = {12},
 url = {http://doi.acm.org/10.1145/1654059.1654123},
 doi = {10.1145/1654059.1654123},
 acmid = {1654123},
 publisher = {ACM},
 address = {New York, NY, USA},
} 

@inproceedings{Hamada:2010:TAN:1884643.1884644,
 author = {Hamada, Tsuyoshi and Nitadori, Keigo},
 title = {190 TFlops Astrophysical N-body Simulation on a Cluster of GPUs},
 booktitle = {Proceedings of the 2010 ACM/IEEE International Conference for High Performance Computing, Networking, Storage and Analysis},
 series = {SC '10},
 year = {2010},
 isbn = {978-1-4244-7559-9},
 pages = {1--9},
 numpages = {9},
 url = {http://dx.doi.org/10.1109/SC.2010.1},
 doi = {10.1109/SC.2010.1},
 acmid = {1884644},
 publisher = {IEEE Computer Society},
 address = {Washington, DC, USA},
} 

@ARTICLE{2009NewA...14..630G,
   author = {{Gaburov}, E. and {Harfst}, S. and {Portegies Zwart}, S.},
    title = "{SAPPORO: A way to turn your graphics cards into a GRAPE-6}",
  journal = {New Astronomy},
archivePrefix = "arXiv",
   eprint = {0902.4463},
 primaryClass = "astro-ph.IM",
 keywords = {Stellar dynamics and kinematics, Computational techniques, simulations, Direct numerical simulations},
     year = 2009,
    month = oct,
   volume = 14,
    pages = {630-637},
      doi = {10.1016/j.newast.2009.03.002},
   adsurl = {http://ads.nao.ac.jp/abs/2009NewA...14..630G},
  adsnote = {Provided by the SAO/NASA Astrophysics Data System}
}

@ARTICLE{2012JCoPh.231.2825B,
   author = {{B{\'e}dorf}, J. and {Gaburov}, E. and {Portegies Zwart}, S.
},
    title = "{A sparse octree gravitational N-body code that runs entirely on the GPU processor}",
  journal = {Journal of Computational Physics},
archivePrefix = "arXiv",
   eprint = {1106.1900},
 primaryClass = "astro-ph.IM",
     year = 2012,
    month = apr,
   volume = 231,
    pages = {2825-2839},
      doi = {10.1016/j.jcp.2011.12.024},
   adsurl = {http://ads.nao.ac.jp/abs/2012JCoPh.231.2825B},
  adsnote = {Provided by the SAO/NASA Astrophysics Data System}
}

@inproceedings{Bedorf:2014:PGT:2683593.2683600,
 author = {B{\'e}dorf, Jeroen and Gaburov, Evghenii and Fujii, Michiko S. and Nitadori, Keigo and Ishiyama, Tomoaki and Zwart, Simon Portegies},
 title = {24.77 Pflops on a Gravitational Tree-code to Simulate the Milky Way Galaxy with 18600 GPUs},
 booktitle = {Proceedings of the International Conference for High Performance Computing, Networking, Storage and Analysis},
 series = {SC '14},
 year = {2014},
 isbn = {978-1-4799-5500-8},
 location = {New Orleans, Louisana},
 pages = {54--65},
 numpages = {12},
 url = {http://dx.doi.org/10.1109/SC.2014.10},
 doi = {10.1109/SC.2014.10},
 acmid = {2683600},
 publisher = {IEEE Press},
 address = {Piscataway, NJ, USA},
} 

@ARTICLE{1995ApJS...98..355X,
   author = {{Xu}, G.},
    title = "{A New Parallel N-Body Gravity Solver: TPM}",
  journal = {Astrophysical Journal Supplement},
   eprint = {astro-ph/9409021},
 keywords = {METHODS: NUMERICAL},
     year = 1995,
    month = may,
   volume = 98,
    pages = {355},
      doi = {10.1086/192166},
   adsurl = {http://ads.nao.ac.jp/abs/1995ApJS...98..355X},
  adsnote = {Provided by the SAO/NASA Astrophysics Data System}
}

@ARTICLE{2000ApJS..128..561B,
   author = {{Bode}, P. and {Ostriker}, J.~P. and {Xu}, G.},
    title = "{The Tree Particle-Mesh N-Body Gravity Solver}",
  journal = {Astrophysical Journal Supplement},
   eprint = {astro-ph/9912541},
 keywords = {Cosmology: Dark Matter, Methods: n-Body Simulations, Methods: Numerical},
     year = 2000,
    month = jun,
   volume = 128,
    pages = {561-569},
      doi = {10.1086/313398},
   adsurl = {http://ads.nao.ac.jp/abs/2000ApJS..128..561B},
  adsnote = {Provided by the SAO/NASA Astrophysics Data System}
}

@ARTICLE{2002JApA...23..185B,
   author = {{Bagla}, J.~S.},
    title = "{TreePM: A Code for Cosmological N-Body Simulations}",
  journal = {Journal of Astrophysics and Astronomy},
   eprint = {astro-ph/9911025},
 keywords = {Gravitation, methods: numerical, cosmology: large scale structure of the universe.},
     year = 2002,
    month = dec,
   volume = 23,
    pages = {185-196},
      doi = {10.1007/BF02702282},
   adsurl = {http://ads.nao.ac.jp/abs/2002JApA...23..185B},
  adsnote = {Provided by the SAO/NASA Astrophysics Data System}
}

@ARTICLE{2004NewA....9..111D,
   author = {{Dubinski}, J. and {Kim}, J. and {Park}, C. and {Humble}, R.
},
    title = "{GOTPM: a parallel hybrid particle-mesh treecode}",
  journal = {New Astronomy},
   eprint = {astro-ph/0304467},
     year = 2004,
    month = feb,
   volume = 9,
    pages = {111-126},
      doi = {10.1016/j.newast.2003.08.002},
   adsurl = {http://ads.nao.ac.jp/abs/2004NewA....9..111D},
  adsnote = {Provided by the SAO/NASA Astrophysics Data System}
}

@ARTICLE{2005PASJ...57..849Y,
   author = {{Yoshikawa}, K. and {Fukushige}, T.},
    title = "{PPPM and TreePM Methods on GRAPE Systems for Cosmological N-Body Simulations}",
  journal = {Publications of Astronomical Society of Japan},
   eprint = {astro-ph/0504095},
 keywords = {cosmology: miscellaneous, mithods: n-body simulations},
     year = 2005,
    month = dec,
   volume = 57,
    pages = {849-860},
      doi = {10.1093/pasj/57.6.849},
   adsurl = {http://ads.nao.ac.jp/abs/2005PASJ...57..849Y},
  adsnote = {Provided by the SAO/NASA Astrophysics Data System}
}

@book{hockney1988computer,
  title={Computer Simulation Using Particles},
  author={Hockney, R.W. and Eastwood, J.W.},
  isbn={9781439822050},
  url={http://books.google.co.jp/books?id=nTOFkmnCQuIC},
  year={1988},
  publisher={CRC Press}
}

@ARTICLE{1992ARA&A..30..543M,
   author = {{Monaghan}, J.~J.},
    title = "{Smoothed particle hydrodynamics}",
  journal = {Annual review of astronomy and astrophysics},
 keywords = {Computational Fluid Dynamics, Finite Difference Theory,
                  Hydrodynamics, Kernel Functions, Particle Energy,
                  Particle Mass, Angular Momentum, Partial
                  Differential Equations, Particle In Cell Technique,
                  Pressure Gradients},
     year = 1992,
   volume = 30,
    pages = {543-574},
      doi = {10.1146/annurev.aa.30.090192.002551},
  adsnote = {Provided by the SAO/NASA Astrophysics Data System}
}

@ARTICLE{2009NewAR..53...78R,
   author = {{Rosswog}, S.},
    title = "{Astrophysical smooth particle hydrodynamics}",
  journal = {New Astronomy Reviews},
archivePrefix = "arXiv",
   eprint = {0903.5075},
 primaryClass = "astro-ph.IM",
     year = 2009,
    month = apr,
   volume = 53,
    pages = {78-104},
      doi = {10.1016/j.newar.2009.08.007},
   adsurl = {http://ads.nao.ac.jp/abs/2009NewAR..53...78R},
  adsnote = {Provided by the SAO/NASA Astrophysics Data System}
}

@ARTICLE{2010ARA&A..48..391S,
   author = {{Springel}, V.},
    title = "{Smoothed Particle Hydrodynamics in Astrophysics}",
  journal = {\araa},
archivePrefix = "arXiv",
   eprint = {1109.2219},
 primaryClass = "astro-ph.CO",
     year = 2010,
    month = sep,
   volume = 48,
    pages = {391-430},
      doi = {10.1146/annurev-astro-081309-130914},
  adsnote = {Provided by the SAO/NASA Astrophysics Data System}
}

@ARTICLE{1997JCoPh.136..298M,
   author = {{Monaghan}, J.~J.},
    title = "{SPH and Riemann Solvers}",
  journal = {Journal of Computational Physics},
     year = 1997,
    month = sep,
   volume = 136,
    pages = {298-307},
      doi = {10.1006/jcph.1997.5732},
   adsurl = {http://ads.nao.ac.jp/abs/1997JCoPh.136..298M},
  adsnote = {Provided by the SAO/NASA Astrophysics Data System}
}

@ARTICLE{1995JCoPh.121..357B,
   author = {{Balsara}, D.~S.},
    title = "{von Neumann stability analysis of smooth particle
                  hydrodynamics--suggestions for optimal algorithms}",
  journal = {Journal of Computational Physics},
     year = 1995,
   volume = 121,
    pages = {357-372},
      doi = {10.1016/S0021-9991(95)90221-X},
   adsurl = {http://ads.nao.ac.jp/abs/1995JCoPh.121..357B},
  adsnote = {Provided by the SAO/NASA Astrophysics Data System}
}

@ARTICLE{1986Icar...66..515B,
   author = {{Benz}, W. and {Slattery}, W.~L. and {Cameron}, A.~G.~W.},
    title = "{The origin of the moon and the single-impact hypothesis. I}",
  journal = {\icarus},
 keywords = {Digital Simulation, Impact, Lunar Evolution, Equations Of State, Roche Limit},
     year = 1986,
    month = jun,
   volume = 66,
    pages = {515-535},
      doi = {10.1016/0019-1035(86)90088-6},
   adsurl = {http://ads.nao.ac.jp/abs/1986Icar...66..515B},
  adsnote = {Provided by the SAO/NASA Astrophysics Data System}
}

@inproceedings{Blackston:1997:HPE:509593.509597,
 author = {Blackston, David and Suel, Torsten},
 title = {Highly Portable and Efficient Implementations of Parallel
                  Adaptive N-body Methods},
 booktitle = {Proceedings of the 1997 ACM/IEEE Conference on
                  Supercomputing},
 series = {SC '97},
 year = {1997},
 isbn = {0-89791-985-8},
 location = {San Jose, CA},
 pages = {1--20},
 numpages = {20},
 url = {http://doi.acm.org/10.1145/509593.509597},
 doi = {10.1145/509593.509597},
 acmid = {509597},
 publisher = {ACM},
 address = {New York, NY, USA},
} 

@ARTICLE{1975Icar...24..504H,
   author = {{Hartmann}, W.~K. and {Davis}, D.~R.},
    title = "{Satellite-sized planetesimals and lunar origin}",
  journal = {\icarus},
 keywords = {Asteroids, Astronomical Models, Particle Size
                  Distribution, Planetary Evolution, Cratering,
                  Fragmentation, Meteorite Collisions, Meteoroid Dust
                  Clouds},
     year = 1975,
    month = apr,
   volume = 24,
    pages = {504-514},
      doi = {10.1016/0019-1035(75)90070-6},
   adsurl = {http://ads.nao.ac.jp/abs/1975Icar...24..504H},
  adsnote = {Provided by the SAO/NASA Astrophysics Data System}
}

@INPROCEEDINGS{1976LPI.....7..120C,
   author = {{Cameron}, A.~G.~W. and {Ward}, W.~R.},
    title = "{The Origin of the Moon}",
booktitle = {Lunar and Planetary Science Conference},
     year = 1976,
   series = {Lunar and Planetary Science Conference},
   volume = 7,
    month = mar,
    pages = {120},
   adsurl = {http://ads.nao.ac.jp/abs/1976LPI.....7..120C},
  adsnote = {Provided by the SAO/NASA Astrophysics Data System}
}

@ARTICLE{2013Icar..222..200C,
   author = {{Canup}, R.~M. and {Barr}, A.~C. and {Crawford}, D.~A.},
    title = "{Lunar-forming impacts: High-resolution SPH and AMR-CTH simulations}",
  journal = {\icarus},
     year = 2013,
    month = jan,
   volume = 222,
    pages = {200-219},
      doi = {10.1016/j.icarus.2012.10.011},
   adsurl = {http://ads.nao.ac.jp/abs/2013Icar..222..200C},
  adsnote = {Provided by the SAO/NASA Astrophysics Data System}
}

@ARTICLE{2014NatGe...7..564A,
   author = {{Asphaug}, E. and {Reufer}, A.},
    title = "{Mercury and other iron-rich planetary bodies as relics
                  of inefficient accretion}",
  journal = {Nature Geoscience},
     year = 2014,
    month = aug,
   volume = 7,
    pages = {564-568},
      doi = {10.1038/ngeo2189},
   adsurl = {http://ads.nao.ac.jp/abs/2014NatGe...7..564A},
  adsnote = {Provided by the SAO/NASA Astrophysics Data System}
}

@ARTICLE{2014PASA...31...35D,
   author = {{Dobbs}, C. and {Baba}, J.},
    title = "{Dawes Review 4: Spiral Structures in Disc Galaxies}",
  journal = {\pasa},
archivePrefix = "arXiv",
   eprint = {1407.5062},
 keywords = {galaxies: spiral, galaxies: kinematics and dynamics, galaxies: structure, galaxies: star formation},
     year = 2014,
    month = sep,
   volume = 31,
      eid = {e035},
    pages = {35},
      doi = {10.1017/pasa.2014.31},
   adsurl = {http://ads.nao.ac.jp/abs/2014PASA...31...35D},
  adsnote = {Provided by the SAO/NASA Astrophysics Data System}
}

@ARTICLE{2011ApJ...730..109F,
   author = {{Fujii}, M.~S. and {Baba}, J. and {Saitoh}, T.~R. and
                  {Makino}, J. and {Kokubo}, E. and {Wada}, K.},
    title = "{The Dynamics of Spiral Arms in Pure Stellar Disks}",
  journal = {\apj},
archivePrefix = "arXiv",
   eprint = {1006.1228},
 primaryClass = "astro-ph.GA",
 keywords = {galaxies: kinematics and dynamics, galaxies: spiral, methods: numerical},
     year = 2011,
    month = apr,
   volume = 730,
      eid = {109},
    pages = {109},
      doi = {10.1088/0004-637X/730/2/109},
   adsurl = {http://ads.nao.ac.jp/abs/2011ApJ...730..109F},
  adsnote = {Provided by the SAO/NASA Astrophysics Data System}
}

@ARTICLE{1991PASJ...43..859M,
   author = {{Makino}, J.},
    title = "{A Modified Aarseth Code for GRAPE and Vector Processors}",
  journal = {\pasj},
 keywords = {COLLISIONAL SYSTEMS, N-BODY SIMULATION, SPECIAL-PURPOSE COMPUTERS},
     year = 1991,
    month = dec,
   volume = 43,
    pages = {859-876},
   adsurl = {http://ads.nao.ac.jp/abs/1991PASJ...43..859M},
  adsnote = {Provided by the SAO/NASA Astrophysics Data System}
}

@ARTICLE{1990ApJ...356..359H,
   author = {{Hernquist}, L.},
    title = "{An analytical model for spherical galaxies and bulges}",
  journal = {\apj},
 keywords = {Computational Astrophysics, Elliptical Galaxies, Galactic Bulge, Galactic Structure, Astronomical Models, Astronomical Photometry, Brightness Distribution, Distribution Functions},
     year = 1990,
    month = jun,
   volume = 356,
    pages = {359-364},
      doi = {10.1086/168845},
   adsurl = {http://ads.nao.ac.jp/abs/1990ApJ...356..359H},
  adsnote = {Provided by the SAO/NASA Astrophysics Data System}
}

@ARTICLE{1996ApJ...462..563N,
   author = {{Navarro}, J.~F. and {Frenk}, C.~S. and {White}, S.~D.~M.},
    title = "{The Structure of Cold Dark Matter Halos}",
  journal = {\apj},
   eprint = {astro-ph/9508025},
 keywords = {COSMOLOGY: THEORY, COSMOLOGY: DARK MATTER, GALAXIES: HALOS, METHODS: NUMERICAL},
     year = 1996,
    month = may,
   volume = 462,
    pages = {563},
      doi = {10.1086/177173},
   adsurl = {http://ads.nao.ac.jp/abs/1996ApJ...462..563N},
  adsnote = {Provided by the SAO/NASA Astrophysics Data System}
}

@ARTICLE{2012MNRAS.425.1068D,
   author = {{Dehnen}, W. and {Aly}, H.},
    title = "{Improving convergence in smoothed particle hydrodynamics simulations without pairing instability}",
  journal = {\mnras},
archivePrefix = "arXiv",
   eprint = {1204.2471},
 primaryClass = "astro-ph.IM",
 keywords = {hydrodynamics, methods: numerical },
     year = 2012,
    month = sep,
   volume = 425,
    pages = {1068-1082},
      doi = {10.1111/j.1365-2966.2012.21439.x},
   adsurl = {http://ads.nao.ac.jp/abs/2012MNRAS.425.1068D},
  adsnote = {Provided by the SAO/NASA Astrophysics Data System}
}

@ARTICLE{1981A&A....97..373S,
   author = {{Schuessler}, I. and {Schmitt}, D.},
    title = "{Comments on smoothed particle hydrodynamics}",
  journal = {\aap},
 keywords = {Magnetohydrodynamic Flow, Particle Theory, Protostars, Smoothing, Stellar Evolution, Magnetic Fields, Magnetohydrodynamics, Nuclear Fission, Spatial Resolution, Three Dimensional Flow, Two Dimensional Flow},
     year = 1981,
    month = apr,
   volume = 97,
    pages = {373-379},
   adsurl = {http://ads.nao.ac.jp/abs/1981A%26A....97..373S},
  adsnote = {Provided by the SAO/NASA Astrophysics Data System}
}

@INPROCEEDINGS{2014LPI....45.2703T,
   author = {{Teodoro}, L.~F.~A. and {Warren}, M.~S. and {Fryer},
                  C. and {Eke}, V. and {Zahnle}, K.},
   title = "{A One Hundred Million SPH Particle Simulation of the Moon Forming Impact}",
booktitle = {Lunar and Planetary Science Conference},
     year = 2014,
   series = {Lunar and Planetary Science Conference},
   volume = 45,
    month = mar,
    pages = {2703},
   adsurl = {http://ads.nao.ac.jp/abs/2014LPI....45.2703T},
  adsnote = {Provided by the SAO/NASA Astrophysics Data System}
}

@ARTICLE{2005ApJ...631..838W,
   author = {{Widrow}, L.~M. and {Dubinski}, J.},
    title = "{Equilibrium Disk-Bulge-Halo Models for the Milky Way and Andromeda Galaxies}",
  journal = {\apj},
   eprint = {astro-ph/0506177},
 keywords = {Cosmology: Dark Matter, Galaxies: Individual: Messier Number: M31, Galaxies: Structure, Galaxy: General, Methods: n-Body Simulations},
     year = 2005,
    month = oct,
   volume = 631,
    pages = {838-855},
      doi = {10.1086/432710},
   adsurl = {http://ads.nao.ac.jp/abs/2005ApJ...631..838W},
  adsnote = {Provided by the SAO/NASA Astrophysics Data System}
}

@ARTICLE{1911MNRAS..71..460P,
   author = {{Plummer}, H.~C.},
    title = "{On the problem of distribution in globular star clusters}",
  journal = {\mnras},
     year = 1911,
    month = mar,
   volume = 71,
    pages = {460-470},
   adsurl = {http://ads.nao.ac.jp/abs/1911MNRAS..71..460P},
  adsnote = {Provided by the SAO/NASA Astrophysics Data System}
}

